<?xml version="1.0" encoding="UTF-8"?><collection xmlns="http://www.loc.gov/MARC21/slim"><record><leader>00437nam--2200133-i-4500</leader><controlfield tag="001">000038657</controlfield><controlfield tag="002">20161230</controlfield><controlfield tag="005">20170122225722</controlfield><controlfield tag="008">060222s1000------------r-----000-0-eng-d</controlfield><datafield ind1=" " ind2=" " tag="245"><subfield code="a">Report of the united nations scientific committee on the effects of atomic radiation. General assembly. official records 13-th session. Suppl.no.17</subfield></datafield><datafield ind1=" " ind2=" " tag="260"><subfield code="a">New York</subfield><subfield code="b">U.N</subfield><subfield code="c">1958</subfield></datafield><datafield ind1=" " ind2=" " tag="300"><subfield code="a">228 p.+ 1 H</subfield></datafield><datafield ind1=" " ind2=" " tag="852"><subfield code="a">12586</subfield></datafield><datafield ind1=" " ind2=" " tag="CAT"><subfield code="a">SYS</subfield><subfield code="c">20170122</subfield><subfield code="h">225722</subfield></datafield></record></collection>